@article{galtier2012hebbian,
  title={Hebbian learning of recurrent connections: a geometrical perspective},
  author={Galtier, Mathieu N and Faugeras, Olivier D and Bressloff, Paul C},
  journal={Neural computation},
  volume={24},
  number={9},
  pages={2346--2383},
  year={2012},
  publisher={MIT Press}
}

@article{gripon2011sparse,
  title={Sparse neural networks with large learning diversity},
  author={Gripon, Vincent and Berrou, Claude},
  journal={Neural Networks, IEEE Transactions on},
  volume={22},
  number={7},
  pages={1087--1096},
  year={2011},
  publisher={IEEE}
}

@article{branco2009probability,
  title={The probability of neurotransmitter release: variability and feedback control at single synapses},
  author={Branco, Tiago and Staras, Kevin},
  journal={Nature Reviews Neuroscience},
  volume={10},
  number={5},
  pages={373--383},
  year={2009},
  publisher={Nature Publishing Group}
}

@article{fusi2000spike,
  title={Spike-driven synaptic plasticity: theory, simulation, VLSI implementation},
  author={Fusi, Stefano and Annunziato, Mario and Badoni, Davide and Salamon, Andrea and Amit, Daniel J},
  journal={Neural Computation},
  volume={12},
  number={10},
  pages={2227--2258},
  year={2000},
  publisher={MIT Press}
}

@article{rinkus2010cortical,
  title={A cortical sparse distributed coding model linking mini-and macrocolumn-scale functionality},
  author={Rinkus, Gerard J},
  journal={Frontiers in neuroanatomy},
  volume={4},
  year={2010},
  publisher={Frontiers Research Foundation}
}

@conference{LedGriRabGro20145,
  author = {Fran{\c{c}}ois Leduc-Primeau and Vincent Gripon
and Michael Rabbat and Warren Gross},
  title = {Cluster-based Associative Memories Built
From Unreliable Storage},
  booktitle = {ICASSP},
  year = {2014},
  pages = {8370--8374},
  month = {May},
}

@article{zador1998impact,
  title={Impact of synaptic unreliability on the information transmitted by spiking neurons},
  author={Zador, Anthony},
  journal={Journal of Neurophysiology},
  volume={79},
  number={3},
  pages={1219--1229},
  year={1998},
  publisher={Am Physiological Soc}
}
